@misc{gnuradioweb,
  url = {https://www.gnuradio.org/},
  urldate = {2017-10-10}
}

@misc{xfdmsyncweb,
  url = {https://github.com/hnez/XFDMSync},
  urldate = {2017-11-28}
}

@misc{fsffreeweb,
  url = {https://www.gnu.org/philosophy/free-sw.en.html},
  urldate = {2017-10-10}
}

@misc{grblockscodingguide,
  url = {https://wiki.gnuradio.org/index.php/BlocksCodingGuide},
  urldate = {2017-10-16}
}

@misc{swigweb,
  url = {http://www.swig.org/},
  urldate = {2017-10-16}
}

@misc{grblogbuffers,
  url = {https://www.gnuradio.org/blog/buffers/},
  urldate = {2017-10-16}
}

@misc{grrdbufmmap,
  url = {https://github.com/gnuradio/gnuradio/blob/master/gnuradio-runtime/lib/vmcircbuf_mmap_shm_open.cc#L131},
  urldate = {2017-10-18}
}

@misc{wifiphy,
  url = {http://media.techtarget.com/searchMobileComputing/downloads/CWAP_ch8.pdf},
  urldate = {2017-10-23}
}

@misc{grieeepaper,
  url = {http://conferences.sigcomm.org/sigcomm/2013/papers/srif/p9.pdf},
  urldate = {2017-10-23}
}

@misc{grieeepaperrxtx,
  url = {https://ans.disi.unitn.it/~segata/bibfiles/bloessl2013towards.pdf},
  urldate = {2017-10-23}
}

@misc{ltenutshell,
  url = {https://home.zhaw.ch/kunr/NTM1/literatur/LTE\%20in\%20a\%20Nutshell\%20-\%20Physical\%20Layer.pdf},
  urldate = {2017-10-23}
}

@misc{ltezadoffchu,
  url = {http://www.lmk.lnt.de/fileadmin/Lehre/Seminar09/Ausarbeitungen/Ausarbeitung_Schuh.pdf},
  urldate = {2017-10-23}
}

@misc{dabstandard,
  url = {http://www.etsi.org/deliver/etsi_en/300400_300499/300401/02.01.01_60/en_300401v020101p.pdf},
  urldate = {2017-11-30}
}

@misc{zcwiki,
  url = {https://en.wikipedia.org/wiki/Zadoff-Chu_sequence},
  urldate = {2017-12-12}
}

@article{awoseyila,
  author={A. B. Awoseyila and C. Kasparis and B. G. Evans},
  journal={IEEE Communications Letters},
  title={Improved preamble-aided timing estimation for OFDM systems},
  year={2008},
  volume={12},
  number={11},
  pages={825-827},
  doi={10.1109/LCOMM.2008.081054},
  ISSN={1089-7798},
}

@article{schmidlcox,
  author = "Timothy M. Schmidl, Donald C. Cox",
  title = "Robust Frequency and Timing Synchronization for OFDM",
  year = "1997"
}

@article{zadoffchu,
  author={D. Chu},
  journal={IEEE Transactions on Information Theory},
  title={Polyphase codes with good periodic correlation properties (Corresp.)},
  year={1972},
  volume={18},
  number={4},
  pages={531-532},
  doi={10.1109/TIT.1972.1054840},
  ISSN={0018-9448}
}

@book{kammeyer2012,
  author = {Karl-Dirk Kammeyer, Kristian Kroschel},
  isbn = {978-3-8348-1644-3},
  publisher = {Springer Vieweg},
  title = {Digitale Signalverarbeitung},
  year = {2012},
}
